@online{IdososBrasil,
    title={Idosos no Brasil},
    author={Paloma Guitarrara},
    publisher={UOL},
    url={https://brasilescola.uol.com.br/brasil/o-numero-idosos-devera-aumentar-no-brasil.htm#:~:text=Em%202023%2C%20o%20Brasil%20tem,de%20pessoas%20para%2060%20milhões.},
    year={2023},
    NOTE = {Acesso em: 27 setembro 2023.}
}


@online{AlzheimerAssociation,
    title={Alzheimer e demência no Brasil},
    author={Alzheimer's Association},
    publisher={Alzheimer's Association},
    url={https://www.alz.org/br/demencia-alzheimer-brasil.asp#:~:text=Idade.,idade%20inferior%20a%2065%20anos.},
    year={2023},
    NOTE = {Acesso em: 27 setembro 2023.}
}

 
@article{PreventionFalls,
    title = {Prevention of falls in the elderly— a review},  volume={24},
    ISSN={1433-2965},
    url={},
    DOI={10.1007/s00198-012-2256-7},
    number={3},
    journal={Osteoporosis International},
    publisher={PubMed},
    author={Magnus K. Karlsson and Thord Peter von Schewelov and Håkan Magnusson and Björn E Rosengren},  year={2013},
    month={Jan},
    pages={2–3}
}

@online{Epilepsia,
    title={Epilepsia, uma doença que atinge 3 milhões de pessoas no Brasil},
    author={LORENA SANTANA},
    publisher={SECRETARIA DE SAÚDE DO DISTRITO FEDERAL},
    url={https://www.saude.df.gov.br/web/guest/w/epilepsia-uma-doenca-que-atinge-3-milhoes-de-pessoas-no-brasil},
    year={2022},
    NOTE = {Acesso em: 27 setembro 2023.}
}


@online{IBGEMorte,
    title={Projeção da População},
    author={IBGE},
    publisher={GOV},
    url={https://cidades.ibge.gov.br/brasil/pesquisa/53/49645},
    year={2018},
    NOTE = {Acesso em: 20 novembro 2023.}
}

@article{MorteQueda,
    title = {Tendência de mortalidade por quedas em idosos, no Brasil, no período de 2000–2019},  volume={25},
    ISSN={},
    url={},
    DOI={10.1590/1980-549720220031.2},
    number={3},
    journal={Epidemiol},
    publisher={Scielo},
    author={Ronilson Ferreira Freitas and Ilana Carla Mendes Gonçalves and Erika Carvalho Aquino,
Jair Almeida Carneiro and Angelina do Carmo Lessa},  
    year={2022},
    month={Set},
    pages={2–6}
}


@article{ConsequenciaQueda,
    title = {Consequências das Quedas em Idosos Vivendo na Comunidade},  volume={},
    ISSN={},
    url={},
    DOI={},
    number={},
    journal={Scielo},
    publisher={Scielo},
    author={Bruna Carla Maia and Patrick Silva Viana and Paula Maria Machado Arantes and
Mariana Asmar Alencar},  
    year={2010},
    month={Jul},
    pages={4–5}
}

@online{OMSQueda,
    title={RELATÓRIO GLOBAL DA OMS SOBRE PREVENÇÃO DE QUEDAS NA VELHICE},
    author={OMS},
    publisher={OMS},
    url={https://bvsms.saude.gov.br/bvs/publicacoes/relatorio_prevencao_quedas_velhice.pdf},
    year={2022},
    NOTE = {Acesso em: 03 outubro 2023.}
}



@article{MorteEpilepsia,
    title = {Mortalidade por epilepsia e estado de mal epiléptico no Brasil: análise do perfil
epidemiológico},  volume={11},
    ISSN={2525-3409},
    url={},
    DOI={10.33448/rsd-v11i14.35922},
    number={14},
    journal={Research, Society and Development},
    publisher={Research, Society and Development},
    author={Luana Jaçanã Resende dos Santos Tavares and Fernanda Gessica da Silva Duarte and Rafael Simplicio Martins and Elane de Nazaré Magno Ferreira and Isaias Fiúza Cabral},  
    year={2022},
    month={Out},
    pages={2–9}
}



@online{EpilepsiaGOV,
    title={No Brasil, 25\% dos pacientes com epilepsia tem estágio grave},
    author={Fran Martins},
    publisher={GOV},
    url={https://bvsms.saude.gov.br/bvs/publicacoes/relatorio_prevencao_quedas_velhice.pdf},
    year={2023},
    NOTE = {Acesso em: 04 outubro 2023.}
}



@article{AlzheimerCuidador,
    title = {Doença de alzheimer na pessoa idosa/família: Dificuldades
vivenciadas e estratégias de cuidado},  volume={20},
    ISSN={},
    url={},
    DOI={10.5935/1414-8145.20160019},
    number={1},
    journal={EEAN},
    publisher={EEAN},
    author={Silomar Ilha and Dirce Stein Backes and Silvana Sidney Costa Santos and Daiane Porto Gautério-Abreu and Bárbara Tarouco da Silva and Marlene Teda Pelzer},  
    year={2015},
    month={Nov},
    pages={2-8}
}

@article{AVC,
    title = {Prevalence and associated factors of stroke in older adults in Brazil, 2019},  volume={},
    ISSN={},
    url={},
    DOI={10.1590/SciELOPreprints.6199},
    number={},
    journal={SciELO Preprints},
    publisher={SciELO Preprints},
    author={Priscila Maria Stolses Bergamo Francisco and Athos Paixão Silva Santos and Daniela de Assumpção and Aldiane Gomes de Macedo Bacurau},  
    year={2023},
    month={Jun},
    pages={3-32}
}



@article{AVCSequelas,
    title = {Qualidade de vida de pacientes com acidente vascular cerebral em reabilitação},  volume={},
    ISSN={},
    url={},
    DOI={10.1590/S0103-21002013000200016},
    number={},
    journal={SciELO},
    publisher={SciELO},
    author={Edja Solange Souza Rangel and Angélica Gonçalves Silva Belasco and Solange Diccini},  
    year={2013},
    month={Ago},
    pages={3-32}
}

@book{Labirintite,
    title = {Labyrinthitis},
    author = {David Barkwill and Rubeena Arora},
    year = {2023},
    language = {Inglês},
    publisher = {National Library of Medicine},
    url = {https://www.ncbi.nlm.nih.gov/books/NBK560506/},
}


@online{Oura,
    title={A true engineering breakthrough},
    author={OURA},
    publisher={OURA},
    url={https://ouraring.com/product/rings},
    year={2023},
    NOTE = {Acesso em: 04 outubro 2023.}
}

@online{Whoop,
    title={WHAT WHOOP MEASURES},
    author={Whoop},
    publisher={Whoop},
    url={https://www.whoop.com/us/en/the-data/},
    year={2023},
    NOTE = {Acesso em: 04 outubro 2023.}
}

@online{Fitbit,
    title={Charge 6},
    author={FITBIT},
    publisher={FITBIT},
    url={https://www.fitbit.com/global/us/products/trackers/charge6},
    year={2023},
    NOTE = {Acesso em: 06 outubro 2023.}
}

@online{Garmin,
    title={Garmin Instinct 2},
    author={GARMIN},
    publisher={GARMIN},
    url={https://www.garminstore.com.br/relogio-garmin-instinct-2-com-monitor-cardiaco-de-pulso-e-gps/p?skuId=392},
    year={2023},
    NOTE = {Acesso em: 06 outubro 2023.}
}

@online{Apple,
    title={Apple Watch Series 9},
    author={APPLE},
    publisher={APPLE},
    url={https://www.apple.com/br/apple-watch-series-9/#footnote-13},
    year={2023},
    NOTE = {Acesso em: 06 outubro 2023.}
}

@online{Quaternios,
    title={Utilização de quatérnios para representação de rotações em 3D},
    author={Sergio Coutinho de Biasi and Marcelo Gattass },
    publisher={PUC},
    url={http://webserver2.tecgraf.puc-rio.br/~mgattass/Quaternios.pdf},
    year={2002},
    NOTE = {Acesso em: 08 outubro 2023.}
}

@article{AnguloQuaternio,
    title = {Development of a Wearable-Sensor-Based Fall Detection System},  volume={2015},
    ISSN={1687-6415},
    url={},
    DOI={10.1155/2015/576364},
    number={11},
    journal={Hindawi Publishing Corporation},
    publisher={Hindawi Publishing Corporation},
    author={Falin Wu and Hengyang Zhao and Yan Zhao and Haibo Zhong},  
    year={2015},
    month={},
    pages={2-5}
}

@article{deslocamento,
    title = {UTILIZAÇÃO DE GIROSCÓPIO E ACELERÔMETRO PARA IDENTIFICAÇÃO DE MOVIMENTAÇÃO EM AMBIENTES TRIDIMENSIONAIS},  volume={},
    ISSN={},
    url={},
    DOI={},
    number={},
    journal={FICE},
    publisher={FICE},
    author={Leonardo Meneguzzi and Roger Fritzen Treis and Marcelo Massocco Cendron},  
    year={2018},
    month={},
    pages={1-9}
}


@online{Trello,
    title={Trello makes it easier for teams to manage projects and tasks},
    author={Trello},
    publisher={Trello},
    url={https://trello.com/?&aceid=&adposition=1t1&adgroup=55240948077&campaign=1018285659&creative=340041301637&device=c&keyword=trello&matchtype=e&network=g&placement=&ds_kids=p33209080149&ds_e=GOOGLE&ds_eid=700000001557344&ds_e1=GOOGLE&gclid=Cj0KCQjwu-HoBRD5AR},
    year={2023},
    NOTE = {Acesso em: 08 outubro 2023.}
}


@online{Scrum,
    title={Metodologia Scrum: O Que é, Métodos Ágeis e Guia Prático},
    author={Marcio Roberto Andrade},
    publisher={Conta Azul},
    url={https://blog.contaazul.com/metodologia-scrum/},
    year={2023},
    NOTE = {Acesso em: 08 outubro 2023.}
}

@online{CurvaS,
    title={Curva em S: descubra tudo sobre o gráfico de acompanhamento do projeto},
    author={Roberto Gil Espinha},
    publisher={artia},
    url={https://artia.com/blog/entenda-o-que-e-a-curva-em-s-e-como-usa-la-em-seus-projetos/},
    year={2023},
    NOTE = {Acesso em: 08 outubro 2023.}
}

@online{IDP,
    title={PMO: 7 indicadores para seu portfólio de projetos},
    author={Luís Felipe Carvalho},
    publisher={aevo},
    url={http://blog.aevo.com.br/pmo-7-indicadores-de-desempenho-para-portfolio-de-projetos/},
    year={2016},
    NOTE = {Acesso em: 11 outubro 2023.}
}


@online{Tinkercad,
    title={Você só precisa de um 'e se...'},
    author={Tinkercad},
    publisher={Autodesk},
    url={https://www.tinkercad.com},
    year={2023},
    NOTE = {Acesso em: 11 outubro 2023.}
}

@article{AcerelacaoLiteratura,
    title = {Wearable Sensors for Reliable Fall Detection},  volume={1},
    ISSN={1558-4615},
    url={},
    DOI={10.1109/IEMBS.2005.1617246},
    number={1},
    journal={IEEE},
    publisher={IEEE},
    author={Jay Chen, Karric Kwong and Dennis Chang and Jerry Luk and Ruzena Bajcsy},  
    year={2005},
    month={},
    pages={2-3}
}

@article{TemperaturaLiteratura,
    title = {Controle da Temperatura Corporal durante o Exercício Físico},  volume={},
    ISSN={},
    url={},
    DOI={10.5935/abc.20190081},
    number={},
    journal={Scielo},
    publisher={Scielo},
    author={Ricardo Luiz Damatto and Marcelo Diarcadia Mariano Cezar and Priscila Portugal dos Santos},  
    year={2019},
    month={Mai},
    pages={1}
}

@online{FrequenciaMedicao,
    title={Desenvolvimento de Sistema de Captura de Movimento Humano Utilizando IMU},
    author={Eduardo Sousa Sales Rodrigues},
    publisher={Universidade de Brasília – UnB, Faculdade UnB Gama – FGA},
    url={https://bdm.unb.br/handle/10483/23639},
    year={2018},
    NOTE = {Acesso em: 02 outubro 2023.}
}

@online{acelerometroDeslocamento,
    title={Using Accelerometers to Estimate Position and Velocity},
    author={ChRobotics},
    publisher={WayBackMachine},
    url={https://web.archive.org/web/20180112063505/http://www.chrobotics.com/library/accel-position-velocity},
    year={2021},
    NOTE = {Acesso em: 03 dezembro 2023.}
}


@online{Sequela,
    title={Significado de Sequela},
    author={Significados},
    publisher={Significados},
    url={https://www.significados.com.br/sequela/},
    year={2023},
    NOTE = {Acesso em: 22 novembro 2023.}
}

@online{PA,
    title={Como medir a Pressão Arterial},
    author={Jorge Luiz Lima},
    publisher={UFF},
    url={https://www.professores.uff.br/jorge/wp-content/uploads/sites/141/2017/10/21mensura.has_.pdf},
    year={2017},
    NOTE = {Acesso em: 06 dezembro 2023.}
}

@article{MedirPA,
    title = {HARDWARE EMBARCADO DE BAIXO CUSTO PARA MEDIÇÃO DE PRESSÃO ARTERIAL COM RECURSOS DE INTERNET DAS COISAS},  
    volume={1},
    url={https://repositorio.ifpb.edu.br/jspui/bitstream/177683/283/1/27-%20Evandson%20Claude%20Seabra%20Dantas%20-%20HARDWARE%20EMBARCADO%20DE%20BAIXO%20CUSTO%20PARA%20MEDI%C3%87%C3%83O%20DE%20PRESS%C3%83O%20ARTERIAL%20COM%20RECURSOS%20DE%20INTERNET%20DAS%20COISAS%281%29.pdf},
    number={1}, 
    publisher={INSTITUTO FEDERAL DE EDUCAÇÃO, CIÊNCIA E TECNOLOGIA DA PARAÍBA},
    author={Evandson Claude Seabra Dantas},  
    year={2016},
    month={Novembro}
}

@online{sparkfun,
    title={SparkFun MAX301x Particle Sensor Library},
    author={SparkFun},
    publisher={Github},
    url={https://github.com/sparkfun/SparkFun_MAX3010x_Sensor_Library},
    year={2020},
    NOTE = {Acesso em: 07 dezembro 2023.}
}

@online{codigoMPU,
    title={ESP32 with MPU-6050 Accelerometer, Gyroscope and Temperature Sensor (Arduino)},
    author={Random Nerd Tutorials},
    publisher={Random Nerd Tutorials},
    url={https://randomnerdtutorials.com/esp32-mpu-6050-accelerometer-gyroscope-arduino/},
    year={2021},
    NOTE = {Acesso em: 07 dezembro 2023.}
}

@online{codigoGPS,
    title={Módulo GPS GY-NEO6MV2 – Guia completo de como usá-lo com o Arduino},
    author={Greici Oliveira},
    publisher={Blog Master Walker Shop},
    url={https://blogmasterwalkershop.com.br/arduino/modulo-gps-gy-neo6mv2-guia-completo-de-como-usa-lo-com-o-arduino},
    year={2022},
    NOTE = {Acesso em: 07 dezembro 2023.}
}